@Article{       DIGITAL_PERSONAL_DATA_PROTECTION_BILL_2022,
author          = {{Government of India Ministry of Information Technology}},
publisher       = {{THE GAZETTE OF INDIA EXTRAORDINARY}},
title           = {{THE DIGITAL PERSONAL DATA PROTECTION BILL, 2022}},
url             = {https://www.meity.gov.in/writereaddata/files/The%20Digital%20Personal%20Data%20Potection%20Bill%2C%202022_0.pdf},
year            = {2022},
},

@Article{       GDPR_AND_INDIA,
author          = {Lalita Som and Faisal Naru},
month           = {Nov.},
publisher       = {{The Centre for Internet and Society, India}},
title           = {{GDPR and India}},
url             = {https://cis-india.org/internet-governance/files/gdpr-and-india/},
year            = {2017},
},

@Article{       INDIA_EMERGING_FINANCIALS,
author          = {{PricewaterhouseCoopers Private Limited}},
journal         = {{Strategic Investment Research Unit Reports}},
month           = {Sep.},
publisher       = {{PricewaterhouseCoopers Private Limited}},
title           = {{Emerging Technologies: Restructuring the Fundamentals of Financial Services}},
url             = {https://static.investindia.gov.in/2022-09/GFF_EmergingTechnologies_PwC_InvestIndia.pdf},
year            = {2022},
},

@Article{       INDIA_EV_POLICIES,
author          = {{Invest India}},
journal         = {{Strategic Investment Research Unit Reports}},
month           = {Dec.},
publisher       = {{Invest India}},
title           = {{State-wise EV Policies and Incentives}},
url             = {https://static.investindia.gov.in/2021-12/State%20wise%20EV%20policies%20and%20incentives.pdf},
year            = {2021},
},

@Article{       INDIA_DEFENSE_CORRIDOR,
author          = {{Strategic Investment Research Unit, Invest India}},
journal         = {{Strategic Investment Research Unit Reports}},
month           = {Feb.},
publisher       = {{Strategic Investment Research Unit, Invest India}},
title           = {{Uttar Pradesh Defence Industrial Corridor: Securing the Nation}},
url             = {https://static.investindia.gov.in/s3fs-public/2022-02/Arteries%20of%20Growth.pdf},
year            = {2022},
},

@Article{       INDIA_UP_TO_NEW_HEIGHTS,
author          = {{Mishika Nayyar}},
journal         = {{Strategic Investment Research Unit Reports}},
month           = {Mar.},
publisher       = {{Strategic Investment Research Unit, Invest India}},
title           = {{Taking Uttar Pradesh to New Heights: The Civil Aviation Sector}},
url             = {https://static.investindia.gov.in/s3fs-public/2022-02/Arteries%20of%20Growth.pdf},
year            = {2022},
},

@Article{       INFORMATION_TECHNOLOGY_ACT_2000,
author          = {{MINISTRY OF LAW, JUSTICE AND COMPANY AFFAIRS}},
month           = {Jun.},
publisher       = {{THE GAZETTE OF INDIA EXTRAORDINARY}},
title           = {{THE INFORMATION TECHNOLOGY ACT, 2000}},
url             = {https://www.meity.gov.in/writereaddata/files/itbill2000.pdf},
year            = {2000},
},

@Article{       INFORMATION_TECHNOLOGY_ACT_2000_RULES,
author          = {{Government of India Ministry of Information Technology}},
month           = {Oct.},
publisher       = {{THE GAZETTE OF INDIA EXTRAORDINARY}},
title           = {{Information Technology (Certifying Authorities) Rules, 2000}},
url             = {https://www.meity.gov.in/content/rules-information-technology-act-2000},
year            = {2000},
},

@Article{       INFORMATION_TECHNOLOGY_ACT_2021_RULES,
author          = {{Government of India Ministry of Information Technology}},
month           = {Feb.},
publisher       = {{THE GAZETTE OF INDIA EXTRAORDINARY}},
title           = {{Information Technology
(Intermediary Guidelines and Digital Media Ethics Code) Rules, 2021}},
url             = {https://www.meity.gov.in/writereaddata/files/Intermediary_Guidelines_and_Digital_Media_Ethics_Code_Rules-2021.pdf},
year            = {2021},
},

@Article{       OECD_REGULATION_INDIA,
author          = {ADITI CHATURVEDI},
journal         = {OECD Regulatory Policy Working Papers},
month           = {May},
number          = {8},
publisher       = {{OECD Publishing}},
title           = {{Regulatory policy in India: Moving towards regulatory governance}},
url             = {https://www.oecd-ilibrary.org/deliver/b335b35d-en.pdf?itemId=%2Fcontent%2Fpaper%2Fb335b35d-en&mimeType=pdf},
year            = {2017},
},

@Article{       OECD_REGULATION_BG_INDIA,
author          = {ADITI CHATURVEDI},
publisher       = {{OECD Publishing}},
title           = {{Regulatory Management and Reform in India: Background Paper for OECD}},
url             = {https://www.oecd.org/gov/regulatory-policy/44925979.pdf},
year            = {2017},
},

@Article{       PERSONAL_DATA_PROTECTION_BILL_2018,
author          = {{Government of India Ministry of Information Technology}},
publisher       = {{THE GAZETTE OF INDIA EXTRAORDINARY}},
title           = {{THE PERSONAL DATA PROTECTION BILL, 2018}},
url             = {https://www.meity.gov.in/writereaddata/files/Personal_Data_Protection_Bill,2018.pdf},
year            = {2018},
},

@Misc{          AMZN_ANNUAL_2021,
author          = {{AMAZON.COM, INC.}},
month           = {Feb.},
publisher       = {{AMAZON.COM, INC.}},
title           = {{2021 Annual Report}},
url             = {https://ir.aboutamazon.com/annual-reports-proxies-and-shareholder-letters/default.aspx},
year            = {2021},
},

@Misc{          AMZN_ABOUT_AWS,
author          = {{Amazon Web Services}},
publisher       = {{AMAZON.COM, INC.}},
title           = {{About AWS}},
url             = {https://aws.amazon.com/about-aws/},
year            = {2022},
},

@Misc{          AMZN_AWS_CLOUD_COMPUTE,
author          = {{Amazon Web Services}},
month           = {Dec.},
publisher       = {{AMAZON.COM, INC.}},
title           = {{What is cloud computing?}},
url             = {https://aws.amazon.com/what-is-cloud-computing/},
year            = {2022},
},

@Misc{          AMZN_AWS_CLOUD_PRODUCTS,
author          = {{Amazon Web Services}},
month           = {Dec.},
publisher       = {{AMAZON.COM, INC.}},
title           = {{AWS Cloud Products}},
url             = {https://aws.amazon.com/what-is-cloud-computing/},
year            = {2022},
},

@Misc{          AMZN_AWS_GLOBAL_INFRA,
author          = {{Amazon Web Services}},
month           = {Dec.},
publisher       = {{AMAZON.COM, INC.}},
title           = {{AWS Global Infrastructure}},
url             = {https://aws.amazon.com/products/?pg=WICC-N&tile=learn_more&aws-products-all.sort-by=item.additionalFields.productNameLowercase&aws-products-all.sort-order=asc&awsf.re%3AInvent=*all&awsf.Free%20Tier%20Type=*all&awsf.tech-category=*all},
year            = {2022},
},

@Misc{          AMZN_AWS_HYDERABAD,
author          = {{Channy Yun}},
month           = {Nov.},
publisher       = {{Amazon Web Services}},
title           = {{Now Open the 30th AWS Region â€“ Asia Pacific (Hyderabad) Region in India}},
url             = {https://aws.amazon.com/blogs/aws/now-open-the-30th-aws-region-asia-pacific-hyderabad-region-in-india/},
year            = {2022},
},

@Misc{          AMZN_AWS_REGIONAL_SERVICES,
author          = {{Amazon Web Services}},
month           = {Dec.},
publisher       = {{AMAZON.COM, INC.}},
title           = {{AWS Regional Services List}},
url             = {https://aws.amazon.com/about-aws/global-infrastructure/regional-product-services/},
year            = {2022},
},

@Misc{          AMZN_AWS_SIMPLE_STORAGE,
author          = {{Amazon Web Services}},
month           = {Dec.},
publisher       = {{AMAZON.COM, INC.}},
title           = {{Amazon Simple Storage Service Documentation}},
url             = {https://docs.aws.amazon.com/s3/index.html?nc2=h_ql_doc_s3},
year            = {2022},
},

@Misc{          AMZN_AWS_WHITEPAPER,
author          = {{Amazon Web Services}},
month           = {Jan.},
publisher       = {{AMAZON.COM, INC.}},
title           = {{Overview of Amazon Web Services}},
url             = {https://d36cz9buwru1tt.cloudfront.net/AWS_Overview.pdf},
year            = {2014},
},

@Misc{          AMZN_Q3_2022,
author          = {{AMAZON.COM, INC.}},
month           = {Oct.},
publisher       = {{AMAZON.COM, INC.}},
title           = {{AMAZON.COM ANNOUNCES THIRD QUARTER RESULTS}},
url             = {https://s2.q4cdn.com/299287126/files/doc_financials/2022/q3/Q3-2022-Amazon-Earnings-Release.pdf},
year            = {2022},
},

@Misc{          AMZN_10K_2021,
author          = {{AMAZON.COM, INC.}},
month           = {Feb.},
publisher       = {{AMAZON.COM, INC.}},
title           = {{AMAZON.COM, INC. FORM 10-K For the Fiscal Year Ended December 31, 2021}},
url             = {https://d18rn0p25nwr6d.cloudfront.net/CIK-0001018724/f965e5c3-fded-45d3-bbdb-f750f156dcc9.pdf},
year            = {2022},
},

@Misc{          AMZN_10Q_Q1_2022,
author          = {{AMAZON.COM, INC.}},
month           = {Oct.},
publisher       = {{AMAZON.COM, INC.}},
title           = {{AMAZON.COM, INC. FORM 10-Q For the Quarterly Period Ended March 31, 2022}},
url             = {https://d18rn0p25nwr6d.cloudfront.net/CIK-0001018724/0fcecec8-0ae1-4c23-904c-a5392f63685e.pdf},
year            = {2022},
},

@Misc{          AMZN_10Q_Q2_2022,
author          = {{AMAZON.COM, INC.}},
month           = {Apr.},
publisher       = {{AMAZON.COM, INC.}},
title           = {{AMAZON.COM, INC. FORM 10-Q For the Quarterly Period Ended June 30, 2022}},
url             = {https://d18rn0p25nwr6d.cloudfront.net/CIK-0001018724/56f9e4fc-22e2-46e8-9a3d-8112bacd7568.pdf},
year            = {2022},
},

@Misc{          AMZN_10Q_Q3_2022,
author          = {{AMAZON.COM, INC.}},
month           = {Jul.},
publisher       = {{AMAZON.COM, INC.}},
title           = {{AMAZON.COM, INC. FORM 10-Q For the Quarterly Period Ended September 30, 2022}},
url             = {https://d18rn0p25nwr6d.cloudfront.net/CIK-0001018724/8ee63b0f-5406-44c6-aaf2-8964e93f4c9f.pdf},
year            = {2022},
},

@Misc{          CNBC_HYDERABAD,
author          = {{Jude Sannith}},
month           = {Nov.},
publisher       = {CNBC},
title           = {{Amazon Web Services vows to spend $4.4 billion in India by 2030 as it launches new infra region in Hyderabad}},
url             = {https://www.cnbctv18.com/business/companies/aws-launches-new-infrastructure-region-in-hyderabad-to-invest-4-billion-in-india-by-2030-15226471.htm},
year            = {2022},
},

@Misc{          GDPR,
author          = {{Proton Technologies AG}},
month           = {Dec.},
publisher       = {Proton Technologies AG},
title           = {{General Data Protection Regulation (GDPR)}},
url             = {https://gdpr.eu/tag/gdpr/},
year            = {2022},
},

@Misc{          GLOBAL_INTERNET_ACCESS,
author          = {{ITU}},
month           = {Dec.},
publisher       = {Statista},
title           = {{Percentage of global population accessing the internet from 2005 to 2021, by market maturity}},
url             = {https://www-statista-com.libproxy.umflint.edu/statistics/209096/share-of-internet-users-in-the-total-world-population-since-2006/},
year            = {2021},
},

@Misc{          GLOBAL_5G,
author          = {{Ericsson}},
month           = {Feb.},
publisher       = {Statista},
title           = {{Number of 5G subscriptions worldwide from 2019 to 2027}},
url             = {https://www-statista-com.libproxy.umflint.edu/statistics/1199693/north-america-5g-subscriptions/},
year            = {2022},
},

@Misc{          GOOG_ANNUAL_REPORT_2021,
author          = {{ALPHABET, INC.}},
month           = {Feb.},
publisher       = {{ALPHABET, INC.}},
title           = {{Google Cloud Products}},
url             = {https://abc.xyz/investor/static/pdf/2021_alphabet_annual_report.pdf?cache=3a96f54},
year            = {2022},
},

@Misc{          GOOG_GCP_CLOUD_PRODUCTS,
author          = {{Google Cloud}},
month           = {Dec.},
publisher       = {{ALPHABET, INC.}},
title           = {{Alphabet 2021 Annual Report}},
url             = {https://cloud.google.com/products},
year            = {2022},
},

@Misc{          GOOG_GCP_GLOBAL_INFRA,
author          = {{Google Cloud}},
month           = {Dec.},
publisher       = {{ALPHABET, INC.}},
title           = {{Cloud locations}},
url             = {https://cloud.google.com/about/locations},
year            = {2022},
},

@Misc{          GOOG_10K_2021,
author          = {{ALPHABET, INC.}},
month           = {Feb.},
publisher       = {{ALPHABET, INC.}},
title           = {{Alphabet Inc. Form 10-K For the Fiscal Year Ended December 31, 2021}},
url             = {https://abc.xyz/investor/static/pdf/20220202_alphabet_10K.pdf?cache=fc81690},
year            = {2022},
},

@Misc{          INDIA_EDUCATION_10_YEARS,
author          = {{Quartz}},
month           = {Nov.},
publisher       = {{Quartz}},
title           = {{Literacy rate among women and men in India between 2019 and 2021, by area}},
url             = {https://www-statista-com.libproxy.umflint.edu/statistics/1303303/india-gender-literacy-rate-by-area/},
year            = {2021},
},

@Misc{          INDIA_EXPORT_IT,
author          = {{Ministry of Finance (India)}},
month           = {Jan.},
publisher       = {{Ministry of Finance (India)}},
title           = {{Export value of IT software and services from India from financial year 2017 to 2020, with an estimate for 2021, by type}},
url             = {https://www-statista-com.libproxy.umflint.edu/statistics/320753/indian-it-software-and-services-exports/},
year            = {2022},
},

@Misc{          INDIA_FDI_BY_SECTOR,
author          = {{Reserve Bank of India}},
month           = {May},
publisher       = {{Reserve Bank of India}},
title           = {{Foreign direct investment inflow from U.S. to India from financial year 2013 to 2021, with an estimate for 2022}},
url             = {https://www-statista-com.libproxy.umflint.edu/statistics/814455/india-amount-of-fdi-inflow-from-us/},
year            = {2022},
},

@Misc{          INDIA_FDI_HARDWARE_AND_SOFTWARE,
author          = {{Department for Promotion of Industry and Internal Trade (India)}},
month           = {Feb.},
publisher       = {{Department for Promotion of Industry and Internal Trade (India)}},
title           = {{Amount of foreign direct investment (FDI) equity inflows for computer hardware and software sector in India from financial year 2015 to 2022}},
url             = {https://www-statista-com.libproxy.umflint.edu/statistics/711501/india-fdi-equity-inflow-amount-for-computer-hardware-and-software-sector/},
year            = {2022},
},

@Misc{          INDIA_FDI_INFLOWS,
author          = {{Department for Promotion of Industry and Internal Trade (India)}},
month           = {Feb.},
publisher       = {{Department for Promotion of Industry and Internal Trade (India)}},
title           = {{Distribution of foreign direct investment equity inflows in India for financial year 2021, by sector}},
url             = {https://www-statista-com.libproxy.umflint.edu/statistics/711398/india-fdi-equity-inflows-distribution-by-sector/},
year            = {2022},
},

@Misc{          INDIA_INVEST_SECTORS,
author          = {{Invest India}},
month           = {Dec.},
publisher       = {{Invest India}},
title           = {{Sectors in India}},
url             = {https://www.investindia.gov.in/sectors},
year            = {2022},
},

@Misc{          INDIA_IT-BPM_INDUSTRY,
author          = {{The Economic Times}},
month           = {Dec.},
publisher       = {{The Economic Times}},
title           = {{Employment of the IT-BPM industry in India from financial year 2009 to 2021, with an estimate for 2022}},
url             = {https://www-statista-com.libproxy.umflint.edu/statistics/320729/india-it-industry-direct-indirect-employment/},
year            = {2021},
},

@Misc{          INDIA_LITERACY,
author          = {{Quartz}},
month           = {Nov.},
publisher       = {{Quartz}},
title           = {{Literacy rate among women and men in India between 2019 and 2021, by area}},
url             = {https://www-statista-com.libproxy.umflint.edu/statistics/1303303/india-gender-literacy-rate-by-area/},
year            = {2021},
},

@Misc{          INDIA_PUBLIC_CLOUD_SPENDING,
author          = {{Gartner}},
month           = {Nov.},
publisher       = {{Gartner}},
title           = {{Public cloud services end-user spending in India from 2019 to 2020, with estimates until 2022}},
url             = {https://www-statista-com.libproxy.umflint.edu/statistics/1220691/india-public-cloud-services-end-user-spending/},
year            = {2021},
},

@Misc{          MSFT_ANNUAL_REPORT_2022,
author          = {{MICROSOFT CORPORATION}},
month           = {Dec.},
publisher       = {{MICROSOFT CORPORATION}},
title           = {{Annual Report 2022}},
url             = {https://c.s-microsoft.com/en-us/CMSFiles/2022_Annual_Report.docx?version=71ba1987-3b76-28bc-5a24-b81f10f3a7a0},
year            = {2022},
},

@Misc{          MSFT_AZURE_CLOUD_PRODUCTS,
author          = {{Microsoft Azure}},
month           = {Dec.},
publisher       = {{MICROSOFT CORPORATION}},
title           = {{Azure products}},
url             = {https://azure.microsoft.com/en-us/products/},
year            = {2022},
},

@Misc{          MSFT_AZURE_GLOBAL_INFRA,
author          = {{Microsoft Azure}},
month           = {Dec.},
publisher       = {{MICROSOFT CORPORATION}},
title           = {{Azure geographies}},
url             = {https://azure.microsoft.com/en-us/explore/global-infrastructure/geographies/#overview},
year            = {2022},
},

@Misc{          MSFT_AZURE_GLOBAL_INFRA_MAP,
author          = {{Microsoft Azure}},
month           = {Dec.},
publisher       = {{MICROSOFT CORPORATION}},
title           = {{Explore Azureâ€™s global infrastructure}},
url             = {https://infrastructuremap.microsoft.com/explore},
year            = {2022},
},

@Misc{          MSFT_10K_2021,
author          = {{MICROSOFT CORPORATION}},
month           = {Jul.},
publisher       = {{MICROSOFT CORPORATION}},
title           = {{MICROSOFT CORPORATION FORM 10-K For the Fiscal Year Ended June 30, 2022}},
url             = {https://microsoft.gcs-web.com/static-files/07cf3c30-cfc3-4567-b20f-f4b0f0bd5087},
year            = {2022},
},

@Misc{          TOTAL_DATA_VOLUME,
author          = {{IDC, \& Statista}},
month           = {Jun.},
publisher       = {Statista},
title           = {{Volume of data/information created, captured, copied, and consumed worldwide from 2010 to 2020, with forecasts from 2021 to 2025}},
url             = {https://www-statista-com.libproxy.umflint.edu/statistics/871513/worldwide-data-created/},
year            = {2021},
},

@Misc{          WB_COMM_COMP_SERVICE_EXPORTS_INDIA,
author          = {{World Bank}},
publisher       = {International Monetary Fund},
title           = {{Communications, computer, etc. (\% of service exports, BoP)}},
url             = {https://data.worldbank.org/indicator/BX.GSR.CMCP.ZS},
year            = {2021},
},